% ###########################################
% Knowledge Graph
% ###########################################
% Survey
@article{rossi2020knowledge,
	keywords={KG},
	title={Knowledge Graph Embedding for Link Prediction: A Comparative Analysis},
	author={Rossi, Andrea and Firmani, Donatella and Matinata, Antonio and Merialdo, Paolo and Barbosa, Denilson},
	journal={arXiv preprint arXiv:2002.00819},
	year={2020}
}

%FB15k
@inproceedings{bordes2013translating,
  title={Translating embeddings for modeling multi-relational data},
  author={Bordes, Antoine and Usunier, Nicolas and Garcia-Duran, Alberto and Weston, Jason and Yakhnenko, Oksana},
  booktitle={Advances in neural information processing systems},
  pages={2787--2795},
  year={2013}
}

% ###########################################
% AnyBURL
% ###########################################
% AnyBURL
@inproceedings{meilicke2019anytime,
	keywords={AnyBURL},
	title={Anytime Bottom-Up Rule Learning for Knowledge Graph Completion.},
	author={Meilicke, Christian and Chekol, Melisachew Wudage and Ruffinelli, Daniel and Stuckenschmidt, Heiner},
	booktitle={IJCAI},
	pages={3137--3143},
	year={2019}
}

% ###########################################
% CGAT
% ###########################################
% KBGAT
@article{nathani2019learning,
	keywords={CGAT},
	title={Learning attention-based embeddings for relation prediction in knowledge graphs},
	author={Nathani, Deepak and Chauhan, Jatin and Sharma, Charu and Kaul, Manohar},
	journal={arXiv preprint arXiv:1906.01195},
	year={2019}
}

@article{einstein,
  author =       "Albert Einstein",
  title =        "{Zur Elektrodynamik bewegter K{\"o}rper}. ({German})
                 [{On} the electrodynamics of moving bodies]",
  journal =      "Annalen der Physik",
  volume =       "322",
  number =       "10",
  pages =        "891--921",
  year =         "1905",
  DOI =          "http://dx.doi.org/10.1002/andp.19053221004"
}

@book{latexcompanion,
    author    = "Michel Goossens and Frank Mittelbach and Alexander Samarin",
    title     = "The \LaTeX\ Companion",
    year      = "1993",
    publisher = "Addison-Wesley",
    address   = "Reading, Massachusetts"
}

@misc{KGLP,
    author    = "ANDREA ROSSI and DONATELLA FIRMANI and ANTONIO MATINATA and PAOLO MERIALDO and DENILSON BARBOSA",
    title     = "Knowledge Graph Embedding for Link Prediction: A Comparative Analysis",
    howpublished = {\url{https://arxiv.org/pdf/2002.00819.pdf}}
}

@article{Computational,
    author    = "Dai Quoc Nguyen and Tu Dinh Nguyen and Dat Quoc Nguyen and Dinh Phung",
    title     = "{A capsule network-based embedding model for knowledge graph completion
and search personalization}.[{on} Association for Computational Linguistics]",
    pages    =        " 2180--2189",
    year     =         "2019",
    DOI      =   "https://www.aclweb.org/anthology/N18-2053.pdf"
}


 
