% ###########################################
% AnyBURL
% ###########################################

@misc{ampligraph,
  keywords={AnyBURL},
  author              = {Luca Costabello and
                          Sumit Pai and
                          Chan Le Van and
                          Rory McGrath and
                          Nicholas McCarthy and
                          Pedro Tabacof},
  title               = {{AmpliGraph: a Library for Representation Learning on Knowledge Graphs}},
  month               = mar,
  year                = 2019,
  doi                 = {10.5281/zenodo.2595043},
  url                 = {https://doi.org/10.5281/zenodo.2595043},
}

@misc{burl,
  keywords={AnyBURL},
 author= {Christian Meilicke and
          Melisachew Wudage Chekol and
          Daniel Ruffinelli and
          Heiner Stuckenschmidt},
 title = {{Anytime Bottom-Up Rule Learning for Knowledge Graph Completion}},
 year  = 2019,
 url   = {http://web.informatik.uni-mannheim.de/AnyBURL/meilicke19anyburl.pdf},
}
 
@misc{ wiki:Atomic,
  keywords={AnyBURL},
  author = "{Wikipedia contributors}",
  title = "Atomic formula --- {Wikipedia}{,} The Free Encyclopedia",
  year = "2019",
  howpublished = "\url{https://en.wikipedia.org/w/index.php?title=Atomic_formula&oldid=899265834}",
  note = "[Online; accessed 31-July-2020]"
}

@misc{ wiki:Literal,
  keywords={AnyBURL},
  author = "{Wikipedia contributors}",
  title = "Literal (mathematical logic) --- {Wikipedia}{,} The Free Encyclopedia",
  year = "2020",
  howpublished = "\url{https://en.wikipedia.org/w/index.php?title=Literal_(mathematical_logic)&oldid=947684114}",
  note = "[Online; accessed 31-July-2020]"
}

 @misc{ wiki:Horn,
  keywords={AnyBURL},
  author = "{Wikipedia contributors}",
  title = "Horn clause --- {Wikipedia}{,} The Free Encyclopedia",
  year = "2019",
  howpublished = "\url{https://en.wikipedia.org/w/index.php?title=Horn_clause&oldid=931306598}",
  note = "[Online; accessed 31-July-2020]"
}

@misc{ wiki:Term,
  keywords={AnyBURL},
  author = "{Wikipedia contributors}",
  title = "Term (logic) --- {Wikipedia}{,} The Free Encyclopedia",
  year = "2020",
  howpublished = "\url{https://en.wikipedia.org/w/index.php?title=Term_(logic)&oldid=969831286}",
  note = "[Online; accessed 31-July-2020]"
}

@inproceedings{AMIE,
  keywords={AnyBURL},
  title={AMIE: association rule mining under incomplete evidence in ontological knowledge bases},
  author={Luis Gal{\'a}rraga and Christina Teflioudi and Katja Hose and Fabian M. Suchanek},
  booktitle={WWW '13},
  year={2013}
}

@article{galarraga2015fast,
  keywords={AnyBURL},
  title={Fast rule mining in ontological knowledge bases with AMIE},
  author={Gal{\'a}rraga, Luis and Teflioudi, Christina and Hose, Katja and Suchanek, Fabian M},
  journal={The VLDB Journal},
  volume={24},
  number={6},
  pages={707--730},
  year={2015},
  publisher={Springer}
}

@article{rossi2020knowledge,
  keywords={AnyBURL},
  title={Knowledge Graph Embedding for Link Prediction: A Comparative Analysis},
  author={Rossi, Andrea and Firmani, Donatella and Matinata, Antonio and Merialdo, Paolo and Barbosa, Denilson},
  journal={arXiv preprint arXiv:2002.00819},
  year={2020}
}

@inproceedings{dettmers2018convolutional,
  keywords={AnyBURL},
  title={Convolutional 2d knowledge graph embeddings},
  author={Dettmers, Tim and Minervini, Pasquale and Stenetorp, Pontus and Riedel, Sebastian},
  booktitle={Thirty-Second AAAI Conference on Artificial Intelligence},
  year={2018}
}

@inproceedings{meilicke2018fine,
  keywords={AnyBURL},
  title={Fine-grained evaluation of rule-and embedding-based systems for knowledge graph completion},
  author={Meilicke, Christian and Fink, Manuel and Wang, Yanjie and Ruffinelli, Daniel and Gemulla, Rainer and Stuckenschmidt, Heiner},
  booktitle={International Semantic Web Conference},
  pages={3--20},
  year={2018},
  organization={Springer}
}

@inproceedings{meilicke2019anytime,
  keywords={AnyBURL},
  title={Anytime Bottom-Up Rule Learning for Knowledge Graph Completion.},
  author={Meilicke, Christian and Chekol, Melisachew Wudage and Ruffinelli, Daniel and Stuckenschmidt, Heiner},
  booktitle={IJCAI},
  pages={3137--3143},
  year={2019}
}

@inproceedings{bordes2013translating,
  keywords={AnyBURL},
  title={Translating embeddings for modeling multi-relational data},
  author={Bordes, Antoine and Usunier, Nicolas and Garcia-Duran, Alberto and Weston, Jason and Yakhnenko, Oksana},
  booktitle={Advances in neural information processing systems},
  pages={2787--2795},
  year={2013}
}

@inproceedings{toutanova2015observed,
  keywords={AnyBURL},
  title={Observed versus latent features for knowledge base and text inference},
  author={Toutanova, Kristina and Chen, Danqi},
  booktitle={Proceedings of the 3rd Workshop on Continuous Vector Space Models and their Compositionality},
  pages={57--66},
  year={2015}
}

@article{dettmers2017convolutional,
  keywords={AnyBURL},
  title={Convolutional 2d knowledge graph embeddings},
  author={Dettmers, Tim and Minervini, Pasquale and Stenetorp, Pontus and Riedel, Sebastian},
  journal={arXiv preprint arXiv:1707.01476},
  year={2017}
}

@article{meilicke2020reinforced,
  keywords={AnyBURL},
  title={Reinforced Anytime Bottom Up Rule Learning for Knowledge Graph Completion},
  author={Meilicke, Christian and Chekol, Melisachew Wudage and Fink, Manuel and Stuckenschmidt, Heiner},
  journal={arXiv preprint arXiv:2004.04412},
  year={2020}
}

@inproceedings{vu2019capsule,
  keywords={AnyBURL},
  title={A capsule network-based embedding model for knowledge graph completion and search personalization},
  author={Vu, Thanh and Nguyen, Tu Dinh and Nguyen, Dat Quoc and Phung, Dinh and others},
  booktitle={Proceedings of the 2019 Conference of the North American Chapter of the Association for Computational Linguistics: Human Language Technologies, Volume 1 (Long and Short Papers)},
  pages={2180--2189},
  year={2019}
}

@inproceedings{trouillon2016complex,
  keywords={AnyBURL},
  title={Complex embeddings for simple link prediction},
  author={Trouillon, Th{\'e}o and Welbl, Johannes and Riedel, Sebastian and Gaussier, {\'E}ric and Bouchard, Guillaume},
  year={2016},
  organization={International Conference on Machine Learning (ICML)}
}

@inproceedings{ortona2018robust,
  keywords={AnyBURL},
  title={Robust discovery of positive and negative rules in knowledge bases},
  author={Ortona, Stefano and Meduri, Venkata Vamsikrishna and Papotti, Paolo},
  booktitle={2018 IEEE 34th International Conference on Data Engineering (ICDE)},
  pages={1168--1179},
  year={2018},
  organization={IEEE}
}



% ###########################################
% Knowledge Graph
% ###########################################
% Survey
@article{rossi2020knowledge,
	keywords={CGAT},
    title={Knowledge Graph Embedding for Link Prediction: A Comparative Analysis},
    author={Rossi, Andrea and Firmani, Donatella and Matinata, Antonio and Merialdo, Paolo and Barbosa, Denilson},
    journal={arXiv preprint arXiv:2002.00819},
    year={2020}
}

@article{cai2018comprehensive,
    keywords={CGAT},
    title={A comprehensive survey of graph embedding: Problems, techniques, and applications},
    author={Cai, Hongyun and Zheng, Vincent W and Chang, Kevin Chen-Chuan},
    journal={IEEE Transactions on Knowledge and Data Engineering},
    volume={30},
    number={9},
    pages={1616--1637},
    year={2018},
    publisher={IEEE}
}

@article{goyal2018graph,
    keywords={CGAT},
    title={Graph embedding techniques, applications, and performance: A survey},
    author={Goyal, Palash and Ferrara, Emilio},
    journal={Knowledge-Based Systems},
    volume={151},
    pages={78--94},
    year={2018},
    publisher={Elsevier}
}


@inproceedings{cao2015grarep,
    keywords={CGAT},
    title={Grarep: Learning graph representations with global structural information},
    author={Cao, Shaosheng and Lu, Wei and Xu, Qiongkai},
    booktitle={Proceedings of the 24th ACM international on conference on information and knowledge management},
    pages={891--900},
    year={2015}
}

@article{mousavi2017hierarchical,
    keywords={CGAT},
    title={Hierarchical graph embedding in vector space by graph pyramid},
    author={Mousavi, Seyedeh Fatemeh and Safayani, Mehran and Mirzaei, Abdolreza and Bahonar, Hoda},
    journal={Pattern Recognition},
    volume={61},
    pages={245--254},
    year={2017},
    publisher={Elsevier}
}

% Graph Laplacian Eigenmaps
@inproceedings{cai2007spectral,
  keywords={CGAT},
  title={Spectral regression: a unified subspace learning framework for content-based image retrieval},
  author={Cai, Deng and He, Xiaofei and Han, Jiawei},
  booktitle={Proceedings of the 15th ACM international conference on Multimedia},
  pages={403--412},
  year={2007}
}

% Categories research KGs
@article{ji2020survey,
  keywords={CGAT},
  title={A survey on knowledge graphs: Representation, acquisition and applications},
  author={Ji, Shaoxiong and Pan, Shirui and Cambria, Erik and Marttinen, Pekka and Yu, Philip S},
  journal={arXiv preprint arXiv:2002.00388},
  year={2020}
}

% DeepWalk
@inproceedings{perozzi2014deepwalk,
  keywords={CGAT},
  title={Deepwalk: Online learning of social representations},
  author={Perozzi, Bryan and Al-Rfou, Rami and Skiena, Steven},
  booktitle={Proceedings of the 20th ACM SIGKDD international conference on Knowledge discovery and data mining},
  pages={701--710},
  year={2014}
}

% LINE
@inproceedings{tang2015line,
  keywords={CGAT},
  title={Line: Large-scale information network embedding},
  author={Tang, Jian and Qu, Meng and Wang, Mingzhe and Zhang, Ming and Yan, Jun and Mei, Qiaozhu},
  booktitle={Proceedings of the 24th international conference on world wide web},
  pages={1067--1077},
  year={2015}
}

% node2vec
@inproceedings{grover2016node2vec,
  keywords={CGAT},
  title={node2vec: Scalable feature learning for networks},
  author={Grover, Aditya and Leskovec, Jure},
  booktitle={Proceedings of the 22nd ACM SIGKDD international conference on Knowledge discovery and data mining},
  pages={855--864},
  year={2016}
}

% Anonymous Walk Embeddings
@article{ivanov2018anonymous,
  keywords={CGAT},
  title={Anonymous walk embeddings},
  author={Ivanov, Sergey and Burnaev, Evgeny},
  journal={arXiv preprint arXiv:1805.11921},
  year={2018}
}

% NetGAN
@article{bojchevski2018netgan,
  keywords={CGAT},
  title={Netgan: Generating graphs via random walks},
  author={Bojchevski, Aleksandar and Shchur, Oleksandr and Z{\"u}gner, Daniel and G{\"u}nnemann, Stephan},
  journal={arXiv preprint arXiv:1803.00816},
  year={2018}
}

% ConvE
@article{dettmers2017convolutional,
  keywords={CGAT},
  title={Convolutional 2d knowledge graph embeddings},
  author={Dettmers, Tim and Minervini, Pasquale and Stenetorp, Pontus and Riedel, Sebastian},
  journal={arXiv preprint arXiv:1707.01476},
  year={2017}
}

% RSN
@article{guo2019learning,
  keywords={CGAT},
  title={Learning to exploit long-term relational dependencies in knowledge graphs},
  author={Guo, Lingbing and Sun, Zequn and Hu, Wei},
  journal={arXiv preprint arXiv:1905.04914},
  year={2019}
}

% CNN for graph embedding
@inproceedings{niepert2016learning,
  keywords={CGAT},
  title={Learning convolutional neural networks for graphs},
  author={Niepert, Mathias and Ahmed, Mohamed and Kutzkov, Konstantin},
  booktitle={International conference on machine learning},
  pages={2014--2023},
  year={2016}
}

% CapsE
@inproceedings{vu2019capsule,
  keywords={CGAT},
  title={A capsule network-based embedding model for knowledge graph completion and search personalization},
  author={Vu, Thanh and Nguyen, Tu Dinh and Nguyen, Dat Quoc and Phung, Dinh and others},
  booktitle={Proceedings of the 2019 Conference of the North American Chapter of the Association for Computational Linguistics: Human Language Technologies, Volume 1 (Long and Short Papers)},
  pages={2180--2189},
  year={2019}
}

% Structural Deep Network Embedding
@inproceedings{wang2016structural,
  keywords={CGAT},
  title={Structural deep network embedding},
  author={Wang, Daixin and Cui, Peng and Zhu, Wenwu},
  booktitle={Proceedings of the 22nd ACM SIGKDD international conference on Knowledge discovery and data mining},
  pages={1225--1234},
  year={2016}
}

@manual{memoryandattention:2020,
  keywords={Viet},
  title  = "Trí nhớ và chú ý",
  author = "Bộ Y Tế Việt-Nam",
  url    = "https://healthvietnam.vn/thu-vien/tai-lieu-tieng-viet/bac-si-tam-ly/tri-nho-va-chu-y",
  year   = "2020 (truy cập ngày 26/08/2020)"
}

% Relation of Conv and attention
@article{cordonnier2019relationship,
  keywords={CGAT},
  title={On the relationship between self-attention and convolutional layers},
  author={Cordonnier, Jean-Baptiste and Loukas, Andreas and Jaggi, Martin},
  journal={arXiv preprint arXiv:1911.03584},
  year={2019}
}

% Facebook
@article{ugander2011anatomy,
  keywords={CGAT},
  title={The anatomy of the facebook social graph},
  author={Ugander, Johan and Karrer, Brian and Backstrom, Lars and Marlow, Cameron},
  journal={arXiv preprint arXiv:1111.4503},
  year={2011}
}

% Youtube
@inproceedings{baluja2008video,
  keywords={CGAT},
  title={Video suggestion and discovery for youtube: taking random walks through the view graph},
  author={Baluja, Shumeet and Seth, Rohan and Sivakumar, Dharshi and Jing, Yushi and Yagnik, Jay and Kumar, Shankar and Ravichandran, Deepak and Aly, Mohamed},
  booktitle={Proceedings of the 17th international conference on World Wide Web},
  pages={895--904},
  year={2008}
}

@manual{googlekg:2020,
  keywords={CGAT},
  title  = "Introducing the Knowledge Graph: things, not strings",
  author = "Google",
  url    = "https://googleblog.blogspot.com/2012/05/introducing-knowledge-graph-things-not.html",
  year   = "2020 (truy cập ngày 27/08/2020)"
}

% ###########################################
% CGAT
% ###########################################
% KBGAT
@article{nathani2019learning,
keywords={CGAT},
  title={Learning attention-based embeddings for relation prediction in knowledge graphs},
  author={Nathani, Deepak and Chauhan, Jatin and Sharma, Charu and Kaul, Manohar},
  journal={arXiv preprint arXiv:1906.01195},
  year={2019}
}

% GAT
@article{velivckovic2017graph,
keywords={CGAT},
  title={Graph attention networks},
  author={Veli{\v{c}}kovi{\'c}, Petar and Cucurull, Guillem and Casanova, Arantxa and Romero, Adriana and Lio, Pietro and Bengio, Yoshua},
  journal={arXiv preprint arXiv:1710.10903},
  year={2017}
}

% TransE
@inproceedings{bordes2013translating,
  keywords={CGAT},
  title={Translating embeddings for modeling multi-relational data},
  author={Bordes, Antoine and Usunier, Nicolas and Garcia-Duran, Alberto and Weston, Jason and Yakhnenko, Oksana},
  booktitle={Advances in neural information processing systems},
  pages={2787--2795},
  year={2013}
}

% Attention
@inproceedings{vaswani2017attention,
keywords={CGAT},
  title={Attention is all you need},
  author={Vaswani, Ashish and Shazeer, Noam and Parmar, Niki and Uszkoreit, Jakob and Jones, Llion and Gomez, Aidan N and Kaiser, {\L}ukasz and Polosukhin, Illia},
  booktitle={Advances in neural information processing systems},
  pages={5998--6008},
  year={2017}
}

% Attention invention
@article{bahdanau2014neural,
	keywords={CGAT},
  title={Neural machine translation by jointly learning to align and translate},
  author={Bahdanau, Dzmitry and Cho, Kyunghyun and Bengio, Yoshua},
  journal={arXiv preprint arXiv:1409.0473},
  year={2014}
}

% CAttention
@article{cordonnier2020multi,
	keywords={CGAT},
  title={Multi-Head Attention: Collaborate Instead of Concatenate},
  author={Cordonnier, Jean-Baptiste and Loukas, Andreas and Jaggi, Martin},
  journal={arXiv preprint arXiv:2006.16362},
  year={2020}
}

% ConvKB
@article{nguyen2017novel,
	keywords={CGAT},
  title={A novel embedding model for knowledge base completion based on convolutional neural network},
  author={Nguyen, Dai Quoc and Nguyen, Tu Dinh and Nguyen, Dat Quoc and Phung, Dinh},
  journal={arXiv preprint arXiv:1712.02121},
  year={2017}
}
% CNN for classification images
@inproceedings{he2016deep,
	keywords={CGAT},
  title={Deep residual learning for image recognition},
  author={He, Kaiming and Zhang, Xiangyu and Ren, Shaoqing and Sun, Jian},
  booktitle={Proceedings of the IEEE conference on computer vision and pattern recognition},
  pages={770--778},
  year={2016}
}

% CNN
@incollection{lecun1999object,
	keywords={CGAT},
  title={Object recognition with gradient-based learning},
  author={LeCun, Yann and Haffner, Patrick and Bottou, L{\'e}on and Bengio, Yoshua},
  booktitle={Shape, contour and grouping in computer vision},
  pages={319--345},
  year={1999},
  publisher={Springer}
}

% CNN for graph
@inproceedings{schlichtkrull2018modeling,
	keywords={CGAT},
  title={Modeling relational data with graph convolutional networks},
  author={Schlichtkrull, Michael and Kipf, Thomas N and Bloem, Peter and Van Den Berg, Rianne and Titov, Ivan and Welling, Max},
  booktitle={European Semantic Web Conference},
  pages={593--607},
  year={2018},
  organization={Springer}
}

% RNN
@article{hopfield2007hopfield,
  keywords={CGAT},
  title={Hopfield network},
  author={Hopfield, John J},
  journal={Scholarpedia},
  volume={2},
  number={5},
  pages={1977},
  year={2007}
}

% Transformer 
@inproceedings{yang2019xlnet,
	keywords={CGAT},
    title={Xlnet: Generalized autoregressive pretraining for language understanding},
    author={Yang, Zhilin and Dai, Zihang and Yang, Yiming and Carbonell, Jaime and Salakhutdinov, Russ R and Le, Quoc V},
    booktitle={Advances in neural information processing systems},
    pages={5753--5763},
    year={2019}
}

% word2vec
@article{mikolov2013efficient,
	keywords={CGAT},
  title={Efficient estimation of word representations in vector space},
  author={Mikolov, Tomas and Chen, Kai and Corrado, Greg and Dean, Jeffrey},
  journal={arXiv preprint arXiv:1301.3781},
  year={2013}
}

% CNN Segmentation
@inproceedings{jegou2017one,
	keywords={CGAT},
  title={The one hundred layers tiramisu: Fully convolutional densenets for semantic segmentation},
  author={J{\'e}gou, Simon and Drozdzal, Michal and Vazquez, David and Romero, Adriana and Bengio, Yoshua},
  booktitle={Proceedings of the IEEE conference on computer vision and pattern recognition workshops},
  pages={11--19},
  year={2017}
}

% First CNN on Graphs
@article{kipf2016semi,
  keywords={CGAT},
  title={Semi-supervised classification with graph convolutional networks},
  author={Kipf, Thomas N and Welling, Max},
  journal={arXiv preprint arXiv:1609.02907},
  year={2016}
}

% n-hop
@article{lin2018multi,
  keywords={CGAT},
  title={Multi-hop knowledge graph reasoning with reward shaping},
  author={Lin, Xi Victoria and Socher, Richard and Xiong, Caiming},
  journal={arXiv preprint arXiv:1808.10568},
  year={2018}
}

% Attention in Vision
@article{ramachandran2019stand,
  keywords={CGAT},
  title={Stand-alone self-attention in vision models},
  author={Ramachandran, Prajit and Parmar, Niki and Vaswani, Ashish and Bello, Irwan and Levskaya, Anselm and Shlens, Jonathon},
  journal={arXiv preprint arXiv:1906.05909},
  year={2019}
}


@article{weng2018attention,
  keywords={CGAT},
  title   = "Attention? Attention!",
  author  = "Weng, Lilian",
  journal = "lilianweng.github.io/lil-log",
  year    = "2018",
  url     = "http://lilianweng.github.io/lil-log/2018/06/24/attention-attention.html"
}

% Capsules
@inproceedings{sabour2017dynamic,
  keywords={CGAT},
  title={Dynamic routing between capsules},
  author={Sabour, Sara and Frosst, Nicholas and Hinton, Geoffrey E},
  booktitle={Advances in neural information processing systems},
  pages={3856--3866},
  year={2017}
}

% Megatron-lm
@article{shoeybi2019megatron,
  keywords={CGAT},
  title={Megatron-lm: Training multi-billion parameter language models using gpu model parallelism},
  author={Shoeybi, Mohammad and Patwary, Mostofa and Puri, Raul and LeGresley, Patrick and Casper, Jared and Catanzaro, Bryan},
  journal={arXiv preprint arXiv:1909.08053},
  year={2019}
}
@article{tao2020hierarchical,
  keywords={CGAT},
  title={Hierarchical Multi-Scale Attention for Semantic Segmentation},
  author={Tao, Andrew and Sapra, Karan and Catanzaro, Bryan},
  journal={arXiv preprint arXiv:2005.10821},
  year={2020}
}
@incollection{NIPS2017_6975,
title = {Dynamic Routing Between Capsules},
author = {Sabour, Sara and Frosst, Nicholas and Hinton, Geoffrey E},
booktitle = {Advances in Neural Information Processing Systems 30},
editor = {I. Guyon and U. V. Luxburg and S. Bengio and H. Wallach and R. Fergus and S. Vishwanathan and R. Garnett},
pages = {3856--3866},
year = {2017},
publisher = {Curran Associates, Inc.},
url = {http://papers.nips.cc/paper/6975-dynamic-routing-between-capsules.pdf}
}
