% GAT
@article{velivckovic2017graph,
keywords={CGAT},
  title={Graph attention networks},
  author={Veli{\v{c}}kovi{\'c}, Petar and Cucurull, Guillem and Casanova, Arantxa and Romero, Adriana and Lio, Pietro and Bengio, Yoshua},
  journal={arXiv preprint arXiv:1710.10903},
  year={2017}
}

% Survey
@article{rossi2020knowledge,
  keywords={cgat},
  title={Knowledge Graph Embedding for Link Prediction: A Comparative Analysis},
  author={Rossi, Andrea and Firmani, Donatella and Matinata, Antonio and Merialdo, Paolo and Barbosa, Denilson},
  journal={arXiv preprint arXiv:2002.00819},
  year={2020}
}

% KGBAT
@article{nathani2019learning,
  keywords={cgat},
  title={Learning attention-based embeddings for relation prediction in knowledge graphs},
  author={Nathani, Deepak and Chauhan, Jatin and Sharma, Charu and Kaul, Manohar},
  journal={arXiv preprint arXiv:1906.01195},
  year={2019}
}

% TransE
@inproceedings{bordes2013translating,
  keywords             = {cgat},
  title={Translating embeddings for modeling multi-relational data},
  author={Bordes, Antoine and Usunier, Nicolas and Garcia-Duran, Alberto and Weston, Jason and Yakhnenko, Oksana},
  booktitle={Advances in neural information processing systems},
  pages={2787--2795},
  year={2013}
}

%% ###################

@inproceedings{kour2014real,
  title={Real-time segmentation of on-line handwritten arabic script},
  author={Kour, George and Saabne, Raid},
  booktitle={Frontiers in Handwriting Recognition (ICFHR), 2014 14th International Conference on},
  pages={417--422},
  year={2014},
  organization={IEEE}
}

@inproceedings{kour2014fast,
  title={Fast classification of handwritten on-line Arabic characters},
  author={Kour, George and Saabne, Raid},
  booktitle={Soft Computing and Pattern Recognition (SoCPaR), 2014 6th International Conference of},
  pages={312--318},
  year={2014},
  organization={IEEE}
}

@article{hadash2018estimate,
  title={Estimate and Replace: A Novel Approach to Integrating Deep Neural Networks with Existing Applications},
  author={Hadash, Guy and Kermany, Einat and Carmeli, Boaz and Lavi, Ofer and Kour, George and Jacovi, Alon},
  journal={arXiv preprint arXiv:1804.09028},
  year={2018}
}

@article{cordonnier2020multi,
keywords={CGAT},
  title={Multi-Head Attention: Collaborate Instead of Concatenate},
  author={Cordonnier, Jean-Baptiste and Loukas, Andreas and Jaggi, Martin},
  journal={arXiv preprint arXiv:2006.16362},
  year={2020}
}