%%
%% WinShell 3.3.2.6
%% http://www.winshell.org/
%%

% Strings


% Preamble


% BibTeX Entries

@book{2006-DDien,
 author               = {Đinh Điền},
 keywords             = {Viet},
 publisher            = {Nhà xuất bản Đại học Quốc gia TP.HCM},
 title                = {Xử lý ngôn ngữ tự nhiên},
 year                 = {2006},
 }
 
@misc{ampligraph,
 author              = {Luca Costabello and
                          Sumit Pai and
                          Chan Le Van and
                          Rory McGrath and
                          Nicholas McCarthy and
                          Pedro Tabacof},
 title               = {{AmpliGraph: a Library for Representation Learning on Knowledge Graphs}},
 month               = mar,
 year                = 2019,
 doi                 = {10.5281/zenodo.2595043},
 url                 = {https://doi.org/10.5281/zenodo.2595043},
}

@misc{burl,
 author= {Christian Meilicke and
          Melisachew Wudage Chekol and
          Daniel Ruffinelli and
          Heiner Stuckenschmidt},
 title = {{Anytime Bottom-Up Rule Learning for Knowledge Graph Completion}},
 year  = 2019,
 url   = {http://web.informatik.uni-mannheim.de/AnyBURL/meilicke19anyburl.pdf},
}
 
@misc{ wiki:Atomic,
    author = "{Wikipedia contributors}",
    title = "Atomic formula --- {Wikipedia}{,} The Free Encyclopedia",
    year = "2019",
    howpublished = "\url{https://en.wikipedia.org/w/index.php?title=Atomic_formula&oldid=899265834}",
    note = "[Online; accessed 31-July-2020]"
}

@misc{ wiki:Literal,
    author = "{Wikipedia contributors}",
    title = "Literal (mathematical logic) --- {Wikipedia}{,} The Free Encyclopedia",
    year = "2020",
    howpublished = "\url{https://en.wikipedia.org/w/index.php?title=Literal_(mathematical_logic)&oldid=947684114}",
    note = "[Online; accessed 31-July-2020]"
}

 @misc{ wiki:Horn,
    author = "{Wikipedia contributors}",
    title = "Horn clause --- {Wikipedia}{,} The Free Encyclopedia",
    year = "2019",
    howpublished = "\url{https://en.wikipedia.org/w/index.php?title=Horn_clause&oldid=931306598}",
    note = "[Online; accessed 31-July-2020]"
}

@misc{ wiki:Term,
    author = "{Wikipedia contributors}",
    title = "Term (logic) --- {Wikipedia}{,} The Free Encyclopedia",
    year = "2020",
    howpublished = "\url{https://en.wikipedia.org/w/index.php?title=Term_(logic)&oldid=969831286}",
    note = "[Online; accessed 31-July-2020]"
}

@inproceedings{AMIE,
  title={AMIE: association rule mining under incomplete evidence in ontological knowledge bases},
  author={Luis Gal{\'a}rraga and Christina Teflioudi and Katja Hose and Fabian M. Suchanek},
  booktitle={WWW '13},
  year={2013}
}
@article{galarraga2015fast,
  title={Fast rule mining in ontological knowledge bases with AMIE},
  author={Gal{\'a}rraga, Luis and Teflioudi, Christina and Hose, Katja and Suchanek, Fabian M},
  journal={The VLDB Journal},
  volume={24},
  number={6},
  pages={707--730},
  year={2015},
  publisher={Springer}
}
@article{rossi2020knowledge,
  title={Knowledge Graph Embedding for Link Prediction: A Comparative Analysis},
  author={Rossi, Andrea and Firmani, Donatella and Matinata, Antonio and Merialdo, Paolo and Barbosa, Denilson},
  journal={arXiv preprint arXiv:2002.00819},
  year={2020}
}

@inproceedings{dettmers2018convolutional,
  title={Convolutional 2d knowledge graph embeddings},
  author={Dettmers, Tim and Minervini, Pasquale and Stenetorp, Pontus and Riedel, Sebastian},
  booktitle={Thirty-Second AAAI Conference on Artificial Intelligence},
  year={2018}
}

@inproceedings{meilicke2018fine,
  title={Fine-grained evaluation of rule-and embedding-based systems for knowledge graph completion},
  author={Meilicke, Christian and Fink, Manuel and Wang, Yanjie and Ruffinelli, Daniel and Gemulla, Rainer and Stuckenschmidt, Heiner},
  booktitle={International Semantic Web Conference},
  pages={3--20},
  year={2018},
  organization={Springer}
}

@inproceedings{meilicke2019anytime,
  title={Anytime Bottom-Up Rule Learning for Knowledge Graph Completion.},
  author={Meilicke, Christian and Chekol, Melisachew Wudage and Ruffinelli, Daniel and Stuckenschmidt, Heiner},
  booktitle={IJCAI},
  pages={3137--3143},
  year={2019}
}

@inproceedings{bordes2013translating,
  title={Translating embeddings for modeling multi-relational data},
  author={Bordes, Antoine and Usunier, Nicolas and Garcia-Duran, Alberto and Weston, Jason and Yakhnenko, Oksana},
  booktitle={Advances in neural information processing systems},
  pages={2787--2795},
  year={2013}
}

@inproceedings{toutanova2015observed,
  title={Observed versus latent features for knowledge base and text inference},
  author={Toutanova, Kristina and Chen, Danqi},
  booktitle={Proceedings of the 3rd Workshop on Continuous Vector Space Models and their Compositionality},
  pages={57--66},
  year={2015}
}

@article{dettmers2017convolutional,
  title={Convolutional 2d knowledge graph embeddings},
  author={Dettmers, Tim and Minervini, Pasquale and Stenetorp, Pontus and Riedel, Sebastian},
  journal={arXiv preprint arXiv:1707.01476},
  year={2017}
}

@article{meilicke2020reinforced,
  title={Reinforced Anytime Bottom Up Rule Learning for Knowledge Graph Completion},
  author={Meilicke, Christian and Chekol, Melisachew Wudage and Fink, Manuel and Stuckenschmidt, Heiner},
  journal={arXiv preprint arXiv:2004.04412},
  year={2020}
}


% GAT

% ###########################################
% Knowledge Graph
% ###########################################
% Survey

@article{cai2018comprehensive,
    keywords={KG},
    title={A comprehensive survey of graph embedding: Problems, techniques, and applications},
    author={Cai, Hongyun and Zheng, Vincent W and Chang, Kevin Chen-Chuan},
    journal={IEEE Transactions on Knowledge and Data Engineering},
    volume={30},
    number={9},
    pages={1616--1637},
    year={2018},
    publisher={IEEE}
}

@article{goyal2018graph,
    keywords={KG},
    title={Graph embedding techniques, applications, and performance: A survey},
    author={Goyal, Palash and Ferrara, Emilio},
    journal={Knowledge-Based Systems},
    volume={151},
    pages={78--94},
    year={2018},
    publisher={Elsevier}
}


@inproceedings{cao2015grarep,
    keywords={KG},
    title={Grarep: Learning graph representations with global structural information},
    author={Cao, Shaosheng and Lu, Wei and Xu, Qiongkai},
    booktitle={Proceedings of the 24th ACM international on conference on information and knowledge management},
    pages={891--900},
    year={2015}
}

@article{mousavi2017hierarchical,
    keywords={KG},
    title={Hierarchical graph embedding in vector space by graph pyramid},
    author={Mousavi, Seyedeh Fatemeh and Safayani, Mehran and Mirzaei, Abdolreza and Bahonar, Hoda},
    journal={Pattern Recognition},
    volume={61},
    pages={245--254},
    year={2017},
    publisher={Elsevier}
}

% ###########################################
% CGAT
% ###########################################
% KBGAT
@article{nathani2019learning,
keywords={CGAT},
  title={Learning attention-based embeddings for relation prediction in knowledge graphs},
  author={Nathani, Deepak and Chauhan, Jatin and Sharma, Charu and Kaul, Manohar},
  journal={arXiv preprint arXiv:1906.01195},
  year={2019}
}

% GAT
@article{velivckovic2017graph,
keywords={CGAT},
  title={Graph attention networks},
  author={Veli{\v{c}}kovi{\'c}, Petar and Cucurull, Guillem and Casanova, Arantxa and Romero, Adriana and Lio, Pietro and Bengio, Yoshua},
  journal={arXiv preprint arXiv:1710.10903},
  year={2017}
}

% Attention
@inproceedings{vaswani2017attention,
keywords={CGAT},
  title={Attention is all you need},
  author={Vaswani, Ashish and Shazeer, Noam and Parmar, Niki and Uszkoreit, Jakob and Jones, Llion and Gomez, Aidan N and Kaiser, {\L}ukasz and Polosukhin, Illia},
  booktitle={Advances in neural information processing systems},
  pages={5998--6008},
  year={2017}
}


% CAttention
@article{cordonnier2020multi,
keywords={CGAT},
  title={Multi-Head Attention: Collaborate Instead of Concatenate},
  author={Cordonnier, Jean-Baptiste and Loukas, Andreas and Jaggi, Martin},
  journal={arXiv preprint arXiv:2006.16362},
  year={2020}
}

% ConvKB
@article{nguyen2017novel,
	keywords={CGAT},
  title={A novel embedding model for knowledge base completion based on convolutional neural network},
  author={Nguyen, Dai Quoc and Nguyen, Tu Dinh and Nguyen, Dat Quoc and Phung, Dinh},
  journal={arXiv preprint arXiv:1712.02121},
  year={2017}
}
% CNN for classification images
@inproceedings{he2016deep,
	keywords={CGAT},
  title={Deep residual learning for image recognition},
  author={He, Kaiming and Zhang, Xiangyu and Ren, Shaoqing and Sun, Jian},
  booktitle={Proceedings of the IEEE conference on computer vision and pattern recognition},
  pages={770--778},
  year={2016}
}

% CNN
@incollection{lecun1999object,
	keywords={CGAT},
  title={Object recognition with gradient-based learning},
  author={LeCun, Yann and Haffner, Patrick and Bottou, L{\'e}on and Bengio, Yoshua},
  booktitle={Shape, contour and grouping in computer vision},
  pages={319--345},
  year={1999},
  publisher={Springer}
}

% CNN for graph
@inproceedings{schlichtkrull2018modeling,
	keywords={CGAT},
  title={Modeling relational data with graph convolutional networks},
  author={Schlichtkrull, Michael and Kipf, Thomas N and Bloem, Peter and Van Den Berg, Rianne and Titov, Ivan and Welling, Max},
  booktitle={European Semantic Web Conference},
  pages={593--607},
  year={2018},
  organization={Springer}
}

% RNN
@article{hopfield2007hopfield,
    keywords={CGAT},
    title={Hopfield network},
    author={Hopfield, John J},
    journal={Scholarpedia},
    volume={2},
    number={5},
    pages={1977},
    year={2007}
}

% Transformer 
@inproceedings{yang2019xlnet,
	keywords={CGAT},
    title={Xlnet: Generalized autoregressive pretraining for language understanding},
    author={Yang, Zhilin and Dai, Zihang and Yang, Yiming and Carbonell, Jaime and Salakhutdinov, Russ R and Le, Quoc V},
    booktitle={Advances in neural information processing systems},
    pages={5753--5763},
    year={2019}
}


% CNN Segmentation
@inproceedings{jegou2017one,
	keywords={CGAT},
  title={The one hundred layers tiramisu: Fully convolutional densenets for semantic segmentation},
  author={J{\'e}gou, Simon and Drozdzal, Michal and Vazquez, David and Romero, Adriana and Bengio, Yoshua},
  booktitle={Proceedings of the IEEE conference on computer vision and pattern recognition workshops},
  pages={11--19},
  year={2017}
}

% First CNN on Graphs
@article{kipf2016semi,
    keywords={CGAT},
    title={Semi-supervised classification with graph convolutional networks},
    author={Kipf, Thomas N and Welling, Max},
    journal={arXiv preprint arXiv:1609.02907},
    year={2016}
}

% n-hop
@article{lin2018multi,
    title={Multi-hop knowledge graph reasoning with reward shaping},
    author={Lin, Xi Victoria and Socher, Richard and Xiong, Caiming},
    journal={arXiv preprint arXiv:1808.10568},
    year={2018}
}