
@article{nagy2024towards,
	title={Towards a GENEA Leaderboard--an Extended, Living Benchmark for Evaluating and Advancing Conversational Motion Synthesis},
	author={Nagy, Rajmund and Voss, Hendric and Yoon, Youngwoo and Kucherenko, Taras and Nikolov, Teodor and Hoang-Minh, Thanh and McDonnell, Rachel and Kopp, Stefan and Neff, Michael and Henter, Gustav Eje},
	journal={arXiv preprint arXiv:2410.06327},
	year={2024},
	keywords={ownwork}
}
